<record><leader>00000cas a22000007a 4500</leader><controlfield tag="001">17681843</controlfield><controlfield tag="008">880325c19729999pauwr ne      0    0eng d</controlfield><datafield ind1=" " ind2=" " tag="010"><subfield code="a">sn 88079248 </subfield></datafield><datafield ind1=" " ind2=" " tag="040"><subfield code="a">NPH</subfield><subfield code="b">eng</subfield><subfield code="c">NPH</subfield><subfield code="d">OCLCQ</subfield></datafield><datafield ind1=" " ind2=" " tag="042"><subfield code="a">msc</subfield></datafield><datafield ind1="0" ind2="4" tag="245"><subfield code="a">The Advance leader.</subfield></datafield><datafield ind1=" " ind2=" " tag="260"><subfield code="a">Oakmont, Pa. :</subfield><subfield code="b">Dardanell Publications,</subfield><subfield code="c">1972-</subfield></datafield><datafield ind1=" " ind2=" " tag="300"><subfield code="a">v. :</subfield><subfield code="b">ill. ;</subfield><subfield code="c">58 cm.</subfield></datafield><datafield ind1=" " ind2=" " tag="310"><subfield code="a">Weekly</subfield></datafield><datafield ind1="0" ind2=" " tag="362"><subfield code="a">Vol. 74, no. 40 (Oct. 4, 1972)-</subfield></datafield><datafield ind1=" " ind2=" " tag="500"><subfield code="a">"Serving the Allegheny Valley," &lt;1972&gt;.</subfield></datafield><datafield ind1=" " ind2=" " tag="500"><subfield code="a">Published in Monroeville, Pa., &lt;1988&gt;.</subfield></datafield><datafield ind1=" " ind2=" " tag="500"><subfield code="a">Publisher: Gateway Press, &lt;1988&gt;.</subfield></datafield><datafield ind1=" " ind2=" " tag="752"><subfield code="a">United States</subfield><subfield code="b">Pennsylvania</subfield><subfield code="c">Allegheny</subfield><subfield code="d">Oakmont.</subfield></datafield><datafield ind1=" " ind2=" " tag="752"><subfield code="a">United States</subfield><subfield code="b">Pennsylvania</subfield><subfield code="c">Allegheny</subfield><subfield code="d">Monroeville.</subfield></datafield><datafield ind1="0" ind2=" " tag="775"><subfield code="t">Plum advance leader</subfield><subfield code="w">(DLC)sn 88080730</subfield></datafield><datafield ind1="0" ind2="0" tag="780"><subfield code="t">Allegheny Valley advance leader</subfield><subfield code="w">(DLC)sn 87080195</subfield></datafield></record>